% This file was created with Citavi 6.0.0.2

@phdthesis{AshiqMohamedAkbarAli.30.08.2017,
 author = {{Ashiq Mohamed Akbar Ali}},
 year = {30.08.2017},
 title = {Creating a website with Info-Terminal and Live CCTV Stream for the Smart Home Laboratory at the Hochschule Furtwangen University},
 address = {Furtwangen},
 urldate = {31.07.2018},
 school = {{Hochschule Furtwangen}},
 type = {Masterthesis}
}


@article{Bootsma.2004,
 author = {Bootsma, R. J. and Fernandez, L. and Mottet, D.},
 year = {2004},
 title = {Behind Fitts' law: kinematic patterns in goal-directed movements},
 pages = {811--821},
 volume = {61},
 number = {6},
 issn = {10715819},
 journal = {International Journal of Human-Computer Studies},
 doi = {10.1016/j.ijhcs.2004.09.004}
}


@book{Clow.2018,
 abstract = {1. Web Applications and AJAX.-~2. AngularJS vs Angular (Old vs New).-~3. JavaScript.-~4. TypeScript.-~5. Visual Studio Code.-~6. Node.-~7. Start Coding with the CLI.-~8. Introducing Components.-~9. Introducing Modules.-~10. Introducing Webpack.-~11. Introducing Directives.-~12. More Components.-~13. Dependency Injection.-~14. Angular and UI Widgets.-~15. Routes and Navigation.-~16. Observers, Reactive Programming, and RxJS.-17. RxJS with Angular -- 18. HTTP and the HttpClient Module -- 19. Forms -- 20. Pipes -- 21.Zones and Change Detection -- 22. Testing -- 23. More Advanced Topics -- 24. Resources



Learn to build single page web apps using Angular 4 and TypeScript by working through 70+ mini-projects. With hundreds of code examples you gain a thorough understanding of the Angular 4 ecosystem and how to work within it. You begin by understanding the benefits of Angular 4 vs older versions, and how this benefits your applications. You then move onto mini-projects that teach you JavaScript, TypeScript, how to use editors, Node, CLI, components, modules, directives, Webpack, dependency injection, widgets, routes and navigation, observers, reactive programming, and RxJS. ~ Complete with a consistently-updated online code repository, this book is a great way to get started with Angular 4},
 author = {Clow, Mark},
 year = {2018},
 title = {Angular 5 Projects: Learn to Build Single Page Web Applications Using 70+ Projects},
 url = {http://dx.doi.org/10.1007/978-1-4842-3279-8},
 address = {Berkeley, CA},
 publisher = {Apress},
 isbn = {978-1-4842-3278-1},
 doi = {10.1007/978-1-4842-3279-8}
}


@phdthesis{Gast.,
 author = {Gast, Oliver},
 title = {User Experience im E-Commerce},
 price = {(Festeinband : EUR 54.99 (DE), EUR 56.53 (AT), CHF 56.50 (freier Preis))},
 school = {{Springer Fachmedien Wiesbaden GmbH}},
 type = {Dissertation}
}


@book{Hruschka.2014,
 abstract = {Business Analysis und Requirements Engineering// - Wie Business und  IT in Unternehmen erfolgreich kooperieren - Produkte, Systeme und Prozesse in Organisationen etablieren - Anforderungen identifizieren und kommunizieren Wir finden f{\"u}r jedes Problem eine L{\"o}sung - wenn wir uns darauf einigen k{\"o}nnen, was genau unser Problem ist. Probleme zu identifizieren und zu verstehen, Anforderungen zu formulieren, das sind die Themen dieses Buchs.  Viele verschiedene Begriffe werden daf{\"u}r verwendet (Business Analysis, Systemanalyse, Requirements Engineering, ...), ebenso wie viele Berufsbezeichnungen f{\"u}r die Beteiligten.  Business Analysis und Requirements Engineering umfassen mehrere Aspekte: Als Unternehmer wollen Sie Ihre Aufbau- und Ablauforganisationen verschlanken und effektiver machen. Als Produktentwickler suchen Sie f{\"u}r Ihre am Markt befindlichen oder neuen Produkte Alleinstellungsmerkmale, seien es Preis, Qualit{\"a}t oder Leistung. In Ihrer IT-Abteilung geht es darum, diese Anforderungen zu verstehen, um tolle Produkte und Systeme zu liefern. Dieses Buch zeigt einen integrierten Ansatz zum Umgang mit Anforderungen. Es stellt Ihnen Methoden, Notationen und viele pragmatische Tipps zur Verf{\"u}gung, mit denen Anforderungen effektiv zwischen Auftraggebern und Auftragnehmern behandelt werden k{\"o}nnen - Techniken zur Entdeckung, Dokumentation, Pr{\"u}fung und Verwaltung. AUS DEM INHALT //  Die Zutaten zu einem erfolgreichen Projektstart // Vom Umgang mit funktionalen Anforderungen und Qualit{\"a}tsanforderungen // Anforderungen ermitteln und effektiv kommunizieren // Komplexit{\"a}t von Prozessen und Strukturen mittels grafischer Modelle meistern // Aufgaben agil und iterativ priorisieren und managen  Peter Hruschka ist Partner der Atlantic Systems Guild (www.systemsguild.com), einer international renommierten Gruppe von Methodenberatern, Trainern und Buchautoren. Er ist auch Gr{\"u}nder des Netzwerks b-agile (www.b-agile.de). Seine Mission ist seit mehr als 35 Jahren der pragmatische Wissenstransfer von effektiveren und produktiveren Methoden zur Projektabwicklung. Er ist Gr{\"u}ndungs- und Board-Mitglied der Vereine zur Zertifizierung von Requirements Engineers (IREB e.V.) und Softwarearchitekten (ISAQB e.V.).},
 author = {Hruschka, Peter},
 year = {2014},
 title = {Business analysis und requirements engineering: Produkte und Prozesse nachhaltig verbessern},
 url = {http://www.hanser-elibrary.com/action/showBook?doi=10.3139/9783446438620},
 address = {M{\"u}nchen},
 edition = {1. Aufl.},
 publisher = {{Carl Hanser Fachbuchverlag}},
 isbn = {978-3-446-43807-1},
 doi = {10.3139/9783446438620}
}


@book{Koch.2012,
 author = {Koch, Daniel},
 year = {2012},
 title = {Magento - Schritt f{\"u}r Schritt zum eigenen Online-Shop: [aktuell ab Version 1.7]},
 price = {ca. EUR 29.90, ca. EUR 30.80 (AT)},
 address = {M{\"u}nchen},
 publisher = {Hanser},
 isbn = {978-3-446-42307-7}
}


@book{Maximini.2018,
 author = {Maximini, Dominik},
 year = {2018},
 title = {Scrum-Einf{\"u}hrung in der Unternehmenspraxis: Von starren Strukturen zu agilen Kulturen},
 price = {(Festeinband) : EUR 39.99 (DE)},
 address = {Berlin},
 edition = {2., aktualisierte und erweitere Auflage},
 publisher = {{Springer Gabler}},
 isbn = {978-3-662-56325-0}
}


@book{Ravensbergen.2015,
 author = {Ravensbergen, Robbert},
 year = {2015},
 title = {Building e-commerce solutions with WooCommerce: Transform your WordPress website into a fully-featured e-commerce store with the power of WooCommerce},
 url = {http://proquest.tech.safaribooksonline.de/9781785881565},
 address = {Birmingham, UK},
 edition = {Second edition},
 publisher = {{Packt Publishing}},
 isbn = {978-1-78588-156-5},
 series = {Community experience distilled}
}


@book{Schicker.2017,
 abstract = {{\"U}bersicht {\"u}ber Datenbanken -- Das Relationenmodell -- Datenbankdesign -- Die Zugriffssprache SQL -- Die Beschreibungssprache SQL -- Datenbankprogrammierung mit PHP -- Performance in Datenbanken -- Concurrency und Recovery -- Moderne Datenbankkonzepte



Dieses Buch vermittelt dem Leser fundierte Grundkenntnisse sowohl in Datenbanken als auch in SQL. Eine Zusammenfassung und zahlreiche {\"U}bungsaufgaben in jedem Kapitel dienen der Vertiefung des Stoffes und verbessern den Lernerfolg deutlich. Die Schwerpunkte des Buches sind relationale Datenbanken, Entwurf von Datenbanken, die Programmiersprache SQL und der Zugriff auf Datenbanken mittels der Sprache PHP. Aber auch Themen wie Recovery, Concurrency, Sicherheit und Integrit{\"a}t werden ausf{\"u}hrlich besprochen. Ein Kapitel zu verteilten Datenbanken, NoSQL und objektrelationalen Datenbanken f{\"u}hrt in die jeweilige Thematik ein. Ein eigenes Kapitel {\"u}ber Performance gibt wertvolle Anregungen und Tipps zum Betrieb von leistungsf{\"a}higen Datenbanken. Der Autor legt sehr viel Wert auf die praktische Anwendung. Mit Hilfe einer Beispieldatenbank kann das Gelernte sofort ge{\"u}bt werden. Diese Datenbank, alle vorgestellten Programme und die L{\"o}sungen zu allen {\"U}bungen werden im Internet zum Download bereitgestellt. Der Inhalt {\"U}bersicht {\"u}ber Datenbanken - Das Relationenmodell - Datenbankdesign - Die Zugriffssprache SQL - Die Beschreibungssprache SQL - Datenbankprogrammierung mit PHP - Performance in Datenbanken - Concurrency und Recovery - Moderne Datenbankkonzepte Die Zielgruppen Studierende der Informatik, Wirtschaftsinformatik, Ingenieurwissenschaften und auch der Betriebswirtschaft WEB-Programmierer, die mit Hilfe von SQL auf Datenbanken zugreifen Der Autor Professor Dr. Edwin Schicker lehrt und forscht seit mehr als 20 Jahren an der Ostbayerischen Technischen Hochschule Regensburg},
 author = {Schicker, Edwin},
 year = {2017},
 title = {Datenbanken und SQL: Eine praxisorientierte Einf{\"u}hrung mit Anwendungen in Oracle, SQL Server und MySQL},
 url = {http://dx.doi.org/10.1007/978-3-658-16129-3},
 address = {Wiesbaden},
 edition = {5., aktualisierte und erweiterte Auflage},
 publisher = {{Springer Vieweg}},
 isbn = {978-3-658-16128-6},
 series = {Informatik {\&} Praxis},
 doi = {10.1007/978-3-658-16129-3}
}


@book{Stauffer.2017,
 author = {Stauffer, Matt},
 year = {2017},
 title = {Laravel: Up and Running: A Framework for Building Modern PHP Apps},
 address = {Beijing and Boston and Farnham and Sebastopol and Tokyo},
 edition = {First edition, 2017-02-03: Second release},
 publisher = {{O'Reilly UK Ltd}},
 isbn = {978-1-4919-3608-5}
}


