@book{osgi_iot_und_mobile,
  author = "Pursche, Fabian and Schwarze, Dr. Susan and Hackbarth, Kai and Hiller, Jochen and Hanna, Tam",
  publisher = "entwickler.press",
  title = "{OSGi. IoT und Mobile}",
  year = "2015"
}

@book{osgi_r6,
  author = "OSGi\texttrademark{} Alliance",
  publisher = "OSGi\texttrademark{} Alliance",
  title = "OSGi Core Release 6",
  year = "2014"
}

@book{osgi_r6_compendium,
  author = "OSGi\texttrademark{} Alliance",
  publisher = "OSGi\texttrademark{} Alliance",
  title = "OSGi Compendium Release 6",
  year = "2015"
}

@book{osgi_r5,
  author = "OSGi\texttrademark{} Alliance",
  publisher = "OSGi\texttrademark{} Alliance",
  title = "OSGi Enterprise Release 5",
  year = "2012"
}

@book{gof,
  author = "Gamma, Erich and Vlissides, John and Johnson, Ralph and Helm, Richard",
  publisher = "Addison‐Wesley",
  title = "Design Patterns - Elements of Reusable Software",
  year = "1994"
}

@book{osgi_praktiker,
 author = "Weber, Bernd and Baumgartner, Patrick and Braun, Oliver",
 publisher = "Hanser",
 title = "OSGi für Praktiker",
 year = "2010"
}

@book{osgi_service_platform,
 author = "Wütherich, Gerd and Hartmann, Nils and Kolb, Bernd and Lübken, Matthias",
 publisher = "dpunkt.verlag",
 title = "Die OSGi Service Platform",
 year = "2008"
}

@book{osgi_felix3,
 author = "Gédéon, Walid Joseph",
 publisher = "Packt Publishing",
 title = "OSGi and Apache Felix 3.0 Beginner's Guide",
 year = "2010"
}

@book{learning_karaf_cellar,
 author = "Onofré, Jean-Baptiste",
 publisher = "Packt Publishing",
 title = "Learning Karaf Cellar",
 year = "2014"
}

@article{sw_dist,
title = "Automatic deployment of distributed software systems: Definitions and state of the art",
journal = "Journal of Systems and Software",
volume = "103",
number = "",
pages = "198 - 218",
year = "2015",
note = "",
issn = "0164-1212",
doi = "http://dx.doi.org/10.1016/j.jss.2015.01.040",
url = "http://www.sciencedirect.com/science/article/pii/S0164121215000308",
author = "Jean-Paul Arcangeli and Raja Boujbel and Sébastien Leriche",
keywords = "Software management and maintenance",
keywords = "Software deployment",
keywords = "Component-based distributed systems"
}


@article{man_middle, 
author={M. Conti and N. Dragoni and V. Lesyk}, 
journal={IEEE Communications Surveys Tutorials}, 
title={A Survey of Man In The Middle Attacks}, 
year={2016}, 
volume={18}, 
number={3}, 
pages={2027-2051}, 
keywords={computer network security;data integrity;MITM attack prevention mechanism;computer security;data confidentiality;data integrity;impersonation technique classification;man in the middle attack;reference model;3G mobile communication;Communication channels;GSM;IP networks;Open systems;Security;Tutorials;MITM classification;MITM defence techniques;Man-In-The-Middle (MITM) attack;security}, 
doi={10.1109/COMST.2016.2548426}, 
ISSN={1553-877X}, 
month={thirdquarter},}

@article {evaluation_criteria,
author = {Cruz, David and Wieland, Thomas and Ziegler, Alexander},
title = {Evaluation criteria for free/open source software products based on project analysis},
journal = {Software Process: Improvement and Practice},
volume = {11},
number = {2},
publisher = {John Wiley & Sons, Ltd.},
issn = {1099-1670},
url = {http://dx.doi.org/10.1002/spip.257},
doi = {10.1002/spip.257},
pages = {107--122},
keywords = {open source, OSS, F/OSS, product evaluation, project analysis, free software},
year = {2006},
}

@inproceedings{secure_deployment,
author={P. Parrend and S. Frenot},
booktitle={2007 IEEE International Symposium on a World of Wireless, Mobile and Multimedia Networks},
title={Supporting the Secure Deployment of OSGi Bundles},
year={2007},
pages={1-6},
keywords={Code standards;Digital signatures;Environmental management;Internet;Java;Runtime environment;Security;Software packages;Software standards;Virtual machining},
doi={10.1109/WOWMOM.2007.4351681},
month={June},}

@inproceedings{sw_dist_dearle,
author={A. Dearle},
booktitle={Future of Software Engineering, 2007. FOSE '07},
title={Software Deployment, Past, Present and Future},
year={2007},
pages={269-284},
keywords={distributed processing;software engineering;distributed heterogeneous environment;post-production activity;software deployment;Assembly;Computer languages;Computer science;Hardware;Middleware;Operating systems;Packaging;Software performance;Software systems;Terminology},
doi={10.1109/FOSE.2007.20},
month={May},}

@inproceedings{ise_muc,
  author={S. Feuerhahn and M. Zillgith and R. Becker and C. Wittwer},
  booktitle={Internationaler ETG-Kongress 2009 - Fachtagung 1: Intelligente Netze / Fachtagung 2: Leistungselektronik in Netzen},
  title={Implementierung einer offenen Smart Metering Referenzplattform - OpenMUC},
  year={2009}

}

@inproceedings{bundle_auth, 
author={Hee-Young Lim and Young-Gab Kim and Chang-Joo Moon and Doo-Kwan Baik}, 
booktitle={Fourth Annual ACIS International Conference on Computer and Information Science (ICIS'05)}, 
title={Bundle authentication and authorization using XML security in the OSGi service platform}, 
year={2005}, 
pages={502-507}, 
keywords={XML;authorisation;digital signatures;home computing;internetworking;local area networks;OSGi environment;OSGi service platform;XACML;XML security;XML signature;authorization;data presentation;gateway;home network security;personal living space;security management;service bundle authentication;Access control;Authentication;Authorization;Computer architecture;Computer science;Computer security;Cryptography;Digital signatures;Web and internet services;XML;Authentication;Authorization;Home network;OSGi;XACML;XML security;XML signature}, 
doi={10.1109/ICIS.2005.36}, 
month={},}

@inproceedings{sfelix, 
author={P. Parrend and S. Galice and S. Frenot and S. Ubeda}, 
booktitle={The International Conference on Emerging Security Information, Systems, and Technologies (SECUREWARE 2007)}, 
title={Identity-Based Cryptosystems for Enhanced Deployment of OSGi Bundles}, 
year={2007}, 
pages={193-200}, 
keywords={cryptography;internetworking;OSGi-based home gateway;identity-based cryptosystem;open standards gateway initiative;public key infrastructure;Authentication;Digital signatures;Identity management systems;Identity-based encryption;Information security;Java;Protection;Public key;Public key cryptography;Runtime}, 
doi={10.1109/SECUREWARE.2007.4385333}, 
ISSN={2162-2108}, 
month={Oct},}

@inproceedings{iot_security_issues,
  author={M. M. Hossain and M. Fotouhi and R. Hasan},
  booktitle={2015 IEEE World Congress on Services}, 
  title={Towards an Analysis of Security Issues, Challenges, and Open Problems in the Internet of Things}, 
  year={2015},
  pages={21-28},
  keywords={Internet of Things;data privacy;security of data;Internet of Things;IoT devices;IoT security;e-commerce;e-health;e-home;e-trafficking;forensics;malicious attacks;privacy;security challenges;security issues;security requirements;threat model;Intelligent sensors;Internet of things;Logic gates;Performance evaluation;Protocols;Security;Attack Surfaces;Attack Taxonomy;Internet of Things;IoT Forensics;Security Challenges;Security Requirements;Threat Model},
  doi={10.1109/SERVICES.2015.12},
  ISSN={2378-3818},
  month={June},
 }
 

@misc{openmuc,
    publisher = "Fraunhofer-Institut für Solare Energiesysteme ISE",
    title = "{Fraunhofer-Institut für Solare Energiesysteme ISE }",
    howpublished = "\url{https://www.openmuc.org/}",
    note = "zuletzt besucht: 29.08.2017",
    year = "2017"
}

@misc{heise_osgi,
    author = "Hackbarth, Kai and Kersten, Konstantin",
    publisher = "Heise",
    title = "{Java und OSGi in Embedded-Systemen für das Internet der Dinge}",
    howpublished = "\url{https://heise.de/-2152241}",
    note = "zuletzt besucht: 29.08.2017",
    year = "2014"
}

@misc{heise_hawkbit,
    author = "Zimmermann, Kai",
    publisher = "Heise",
    title = "{Software-Updates im Internet der Dinge}",
    howpublished = "\url{https://www.heise.de/-3358524}",
    note = "zuletzt besucht: 29.08.2017",
    year = "2016"
}

@misc{heise_java9,
    author = "Parlog, Nicolai",
    publisher = "Heise",
    title = "{Modulare Java-Zukunft: Das Java Platform Module System erklärt}",
    howpublished = "\url{https://www.heise.de/-3700766}",
    note = "zuletzt besucht: 29.08.2017",
    year = "2017"
}

@misc{heise_jigsaw,
    author = "Neumann, Alexander and Menge-Sonnentag,  Rainald",
    publisher = "Heise",
    title = "{Freie Fahrt für Java 9 – Public Review Ballot im zweiten Anlauf geschafft}",
    howpublished = "\url{https://heise.de/-3756449}",
    note = "zuletzt besucht: 29.08.2017",
    year = "2017"
}

@misc{heise_google_updates,
    author = "Lang, Lea",
    publisher = "Heise",
    title = "{Google gibt Support-Fristen für Nexus und Pixel bekannt}",
    howpublished = "\url{https://heise.de/-3740369}",
    note = "zuletzt besucht: 29.08.2017",
    year = "2017"
}

@misc{faz_telekom,
    author = "Thier, Jenni",
    publisher = "Frankfurter Allgemeine Sonntagszeitung",
    title = "{Wir kommen dann zwischen zehn und zwölf}",
    howpublished = "\url{http://www.faz.net/-gqe-8y98y}",
    note = "zuletzt besucht: 29.08.2017",
    year = "2017"
}

https://jaxenter.de/java-9-verschoben-jigsaw-58001
@misc{bosch_osgi,
    author = " Buck, Caroline",
    publisher = "Bosch ConnectedWorld Blog ",
    title = "{Poll results: Essential (Java) technologies for IoT}",
    howpublished = "\url{http://blog.bosch-si.com/categories/technology/2011/05/poll-results-essential-java-technologies-for-the-internet-of-things/}",
    note = "zuletzt besucht: 29.08.2017",
    year = "2011"
}


@misc{bosch_osgi_future,
    author = "Ferber, Stefan",
    publisher = "Bosch ConnectedWorld Blog",
    title = "{The future of OSGi in the Internet of Things}",
    howpublished = "\url{http://blog.bosch-si.com/categories/technology/2015/02/the-future-of-osgi-in-the-internet-of-things/}",
    note = "zuletzt besucht: 29.08.2017",
    year = "2015"
}

@misc{ihs_iot_devices,
    author = "IHS",
    publisher = "Statista - The Statistics Portal",
    title = "{Internet of Things (Iot) Connected Devices Installed Base Worldwide from 2015 to 2025 (in Billions).}",
    howpublished = "\url{www.statista.com/statistics/471264/iot-number-of-connected-devices-worldwide/}",
    note = "zuletzt besucht: 29.08.2017",
    year = "2016"
}

@misc{gartner_pcs,
    author = "Gartner",
    publisher = "Statista - The Statistics Portal",
    title = "{Installed Base of Personal Computers (Pcs) Worldwide from 2013 to 2019 (in Millions).}",
    howpublished = "\url{www.statista.com/statistics/610271/worldwide-personal-computers-installed-base/}",
    note = "zuletzt besucht: 29.08.2017",
    year = "2015"
}

@misc{jaxenter_hawkbit,
    author = "Hirsch, Michael and Zimmermann, Kai",
    publisher = "jaxenter",
    title = "{Eclipse hawkBit — Features, requirements, scenarios et al.}",
    howpublished = "\url{https://jaxenter.com/eclipse-hawkbit-126445.html}",
    year = "2016",
    note = "zuletzt besucht: 29.08.2017"
}

@misc{ace,
    author = "Apache ACE",
    publisher = "The Apache Software Foundation",
    title = "{ACE User guide}",
    howpublished = "\url{https://ace.apache.org/docs/user-guide.html}",
    note = "zuletzt besucht: 29.08.2017"
}

@misc{karaf,
    author = "Apache Karaf",
    publisher = "The Apache Software Foundation",
    title = "{Apache Karaf Container 4.x - Documentation}",
    howpublished = "\url{http://karaf.apache.org/manual/latest/}",
    note = "zuletzt besucht: 29.08.2017"
}

@misc{hawkbit,
    author = "hawkBit",
    publisher = "Eclipse",
    title = "{Eclipse hawkBit - IoT Software Update}",
    howpublished = "\url{https://eclipse.org/hawkbit/}",
    note = "zuletzt besucht: 29.08.2017"
}

@misc{fellbach,
    author = "Kohrs, Robert",
    publisher = "Fraunhofer-Institut für Solare Energiesysteme ISE",
    title = "{Fellbach ZEROplus – Intelligente Nutzung von Elektrofahrzeugen im Gesamtenergiekonzept einer Enerigeplus-Haus-Gruppe}",
    howpublished = "\url{https://www.ise.fraunhofer.de/de/forschungsprojekte/fellbach-zeroplus.html}",
    note = "zuletzt besucht: 29.08.2017"
}

@misc{cheapflex,
    author = "Hollinger, Raphael ",
    publisher = "FIZ Karlsruhe – Leibniz-Institut für Informationsinfrastruktur GmbH",
    title = "{CheapFlex - Günstige Smart Grids mit Rundsteuertechnologie}",
    howpublished = "\url{http://forschung-stromnetze.info/projekte/guenstige-smart-grids-mit-rundsteuertechnologie/}",
    note = "zuletzt besucht: 29.08.2017"
}
 
@misc{hawkbit_git,
    author = "GitHub",
    publisher = "GitHub",
    title = "{Contributions to master, excluding merge commits - Nov 8, 2015 – Aug 14, 2017}",
    howpublished = "\url{https://github.com/eclipse/hawkbit/graphs/contributors?from=2015-11-08&to=2017-08-14&type=c}",
    year = "2017",
    note = "zuletzt besucht: 29.08.2017"
}

@misc{oed_routine,
    author = "OED Online",
    publisher = "Oxford University Press",
    title = "{Definition of routine in English}",
    howpublished = "\url{https://en.oxforddictionaries.com/definition/routine}",
    year = "2017",
    note = "zuletzt besucht: 29.08.2017"
}


